@article{barwise,
 ISSN = {00224812},
 URL = {http://www.jstor.org/stable/2271099},
 author = {Jon Barwise},
 journal = {The Journal of Symbolic Logic},
 number = {2},
 pages = {226-252},
 publisher = {Association for Symbolic Logic},
 title = {Infinitary Logic and Admissible Sets},
 volume = {34},
 year = {1969}
}

@article{feferman,
 ISSN = {00224812},
 URL = {http://www.jstor.org/stable/2269764},
 author = {Solomon Feferman},
 journal = {The Journal of Symbolic Logic},
 number = {1},
 pages = {1-30},
 publisher = {[Association for Symbolic Logic, Cambridge University Press]},
 title = {Systems of Predicative Analysis},
 volume = {29},
 year = {1964}
}
          
@article{gentzenCut,
author="Gentzen, Gerhard",
title="Untersuchungen {\"u}ber das logische Schlie{\ss}en. I",
journal="Mathematische Zeitschrift",
volume="39",
number="1",
pages="176--210",
issn="1432-1823",
doi="10.1007/BF01201353",
url="http://dx.doi.org/10.1007/BF01201353"
}

@article{gentzenCons,
author="Gentzen, Gerhard",
title="Die Widerspruchsfreiheit der reinen Zahlentheorie",
journal="Mathematische Annalen",
volume="112",
number="1",
pages="493--565",
issn="1432-1807",
doi="10.1007/BF01565428",
url="http://dx.doi.org/10.1007/BF01565428"
}

@article{gentzenTransfInd,
author="Gentzen, Gerhard",
title="Beweisbarkeit und Unbeweisbarkeit von Anfangsf{\"a}llen der transfiniten Induktion in der reinen Zahlentheorie",
journal="Mathematische Annalen",
volume="119",
number="1",
pages="140--161",
issn="1432-1807",
doi="10.1007/BF01564760",
url="http://dx.doi.org/10.1007/BF01564760"
}
@article{karp,
author="Karp, Carol Ruth",
title="Languages with expressions of infinite length",
year="1964"
}

@article{lopez,
author = {Lopez-Escobar, E.},
journal = {Fundamenta Mathematicae},
keywords = {mathematical logic},
language = {eng},
number = {3},
pages = {253-272},
publisher = {Institute of Mathematics Polish Academy of Sciences},
title = {An interpolation theorem for denumerably long formulas},
url = {http://eudml.org/doc/213839},
volume = {57},
year = {1965},
}

@article{lorenzen,
author = {Lorenzen,Paul},
title = {Algebraische und logistische Untersuchungen über freie Verbände},
journal = {The Journal of Symbolic Logic},
volume = 16,
issue = 02,
month = 6,
month = 6,
year = 1951,
issn = {1943-5886},
pages = {81--106},
numpages = 26,
doi = {10.2307/2266681},
URL = {http://journals.cambridge.org/article_S0022481200101835},
}

@article{schutte,
author="Sch{\"u}tte, Kurt",
title="Beweistheoretische Erfassung der unendlichen Induktion in der Zahlentheorie",
journal="Mathematische Annalen",
volume="122",
number="5",
pages="369--389",
issn="1432-1807",
doi="10.1007/BF01342849",
url="http://dx.doi.org/10.1007/BF01342849"
}
@article{schutteOrd,
author="Sch{\"u}tte, Kurt",
title="Kennzeichnung von Ordnungszahlen durch rekursiv erkl{\"a}rte Funktionen",
journal="Mathematische Annalen",
volume="127",
number="1",
pages="15--32",
issn="1432-1807",
doi="10.1007/BF01361109",
url="http://dx.doi.org/10.1007/BF01361109"
}
@book{schutteBeweis,
  title={Beweistheorie},
  author={Sch{\"u}tte, Kurt},
  volume={103},
  year={1960},
  publisher={Springer}
}

@incollection{schutteWellord,
title = "Predicative Well-Orderings ",
editor = "J.N. Crossley and M.A.E. Dummett",
booktitle = "Formal Systems and Recursive Functions",
publisher = "Elsevier",
year = 1965,
volume = 40,
pages = "280 - 303",
series = "Studies in Logic and the Foundations of Mathematics ",
issn = "0049-237X",
doi = "http://dx.doi.org/10.1016/S0049-237X(08)71694-X",
url = "http://www.sciencedirect.com/science/article/pii/S0049237X0871694X",
author = "Kurt Schütte"
}

@article{schutteBeweisbarkeit,
author="Sch{\"u}tte, Kurt",
title="Eine Grenze F{\"u}r die Beweisbarkeit der Transfiniten Induktion in der Verzweigten Typenlogik",
journal="Archiv f{\"u}r mathematische Logik und Grundlagenforschung",
volume=7,
number=1,
pages="45--60",
issn="1432-0665",
doi="10.1007/BF01972460",
url="http://dx.doi.org/10.1007/BF01972460",
year=1943
}

@article{tait,
author="Tait, William Walker",
title= "Cut elimination in infinite propositional logic",
journal="Journal of Symbolic Logic",
volume="31",
pages="151",
year="1966"
}